@BOOK{Krugman2012,
	title = {{International economics : theory {\&}amp; policy}},
	year = {2012},
	author = {Krugman, Paul R. and Obstfeld, Maurice. and Melitz, Marc J.},
	pages = {731},
	publisher = {Pearson Education}
}

@book{Eichengreen1996,
	title = {{Golden Fetters: The Gold Standard and the Great Depression,
	1919-1939}},
	year = {1992},
	author = {Eichengreen, Barry},
	month = {7},
	publisher = {Oxford University Press},
	address = {Oxford},
}

@article{Curtis1931,
	title = {{Canada and the gold standard}},
	year = {1931},
	journal = {Queen's Quarterly},
	author = {Curtis, CA},
}

@article{Bordo1996,
	title = {{The Gold Standard as a Good Housekeeping Seal of Approval}},
	year = {1996},
	journal = {The Journal of Economic History},
	author = {Bordo, Michael D. and Rockoff, Hugh},
	number = {02},
	pages = {389},
	volume = {56}
}

@book{Dick1992,
	title = {{Canada and the Gold Standard: Balance of Payments Adjustment under Fixed Exchange Rates, 1871-1913}},
	year = {1992},
	author = {Dick, Trevor J. O. and Floyd, John E.},
	pages = {236},
	publisher = {Cambridge University Press},
	address = {Cambridge}
}


@book{Eichengreen1997,
	title={The gold standard in theory and history},
	author={Eichengreen, Barry J and Flandreau, Marc},
	year={1997},
	publisher={Psychology Press}
}


@article{Bemanke1991,
	title = {{The gold standard crisis of 1847}},
	year = {1984},
	journal = {Journal of International Economics},
	author = {Dornbusch, Rudiger and Frenkel, Jacob A.},
	number = {1-2},
	pages = {1--27},
	volume = {16}
}

@book{Eichengreen2003,
	title = {{Currencies , Capital Flows and Crises}},
	year = {2009},
	author = {Harvey, John T},
	pages = {157},
	publisher = {MIT Press}
}

@book{Eichengreen2008,
	title = {{Globalizing capital a history of the international monetary system}},
	year = {2008},
	author = {Eichengreen, Barry J.},
	pages = {265},
	publisher = {Princeton University Press}
}

@article{Timilsina2013,
	title = {{Global wind power development: Economics and policies}},
	year = {2013},
	journal = {Energy Policy},
	author = {Timilsina, Govinda R. and Cornelis van Kooten, G. and Narbel, Patrick A.},
	pages = {642--652},
	volume = {61}
}

@article{Valentine2011,
	title = {{Understanding the variability of wind power costs}},
	year = {2011},
	journal = {Renewable and Sustainable Energy Reviews},
	author = {Valentine, Scott Victor},
	number = {8},
	pages = {3632--3639},
	volume = {15}
}

@article{Timilsina2012,
	title = {{Solar energy: Markets, economics and policies}},
	year = {2012},
	journal = {Renewable and Sustainable Energy Reviews},
	author = {Timilsina, Govinda R. and Kurdgelashvili, Lado and Narbel, Patrick A.},
	number = {1},
	pages = {449--465},
	volume = {16},
	doi = {10.1016/j.rser.2011.08.009},
	issn = {13640321}
}

@article{VanKooten2010,
	title = {{Economics of wind power when national grids are unreliable}},
	year = {2010},
	journal = {Energy Policy},
	author = {van Kooten, G. Cornelis and Wong, Linda},
	number = {4},
	pages = {1991--1998},
	volume = {38}
}

@book{Eichengreen1914,
	title = {{Modern perspectives on the gold standard}},
	year = {2008},
	author = {Eichengreen, Barry and BAYOUMI, TAMIM and TAYLOR, MARK P.},
	publisher = {Cambridge University Press},
	address = {New York}
}

@article{Romer2009,
	title={Lessons from the Great Depression for economic recovery in 2009},
	author={Romer, Christina D},
	journal={Revista de Econom{\'\i}a Institucional},
	volume={11},
	number={21},
	pages={25--35},
	year={2009},
	publisher={Revista de Econom{\'\i}a Institucional}
}

@incollection{Shearer1984,
	title = {{Canada and the Interwar Gold Standard , 1920-35: Monetary Policy without a Central Bank}},
	year = {1984},
	booktitle = {A Retrospective on the Classical Gold Standard, 1821-1931},
	author = {Shearer, Ronald A and Clark, Carolyn},
	editor = {Bordo, Michael D. and Schwartz, Anna J.},
	pages = {277 - 310},
	publisher = {University of Chicago Press}
}

@book{Author2003,
	title = {{Foundations of International Macroeconomics Foundations of International Macroeconomics}},
	year = {2003},
	author = {Author, Obstfeld},
	isbn = {0262150476}
}



@article{Kemmerer,
	title={Gold and the Gold Standard},
	author={Kemmerer, Edwin Walter},
	journal={Proceedings of the American Philosophical Society},
	volume={71},
	number={3},
	pages={85--104},
	year={1932},
	publisher={JSTOR}
}

@article{Chernyshoff2009,
	title = {{Stuck on gold: Real exchange rate volatility and the rise and fall of the gold standard, 1875-1939}},
	year = {2009},
	journal = {Journal of International Economics},
	author = {Chernyshoff, Natalia and Jacks, David S and Taylor, Alan M},
	number = {2},
	pages = {195--205},
	volume = {77},
	publisher = {Elsevier B.V.},
	url = {http://dx.doi.org/10.1016/j.jinteco.2009.01.003},
	doi = {10.1016/j.jinteco.2009.01.003},
	issn = {00221996},
	keywords = {Exchange-rate regime, Nominal rigidity, Optimal monetary policy, Terms-of-trade shocks}
}

@article{Clot2016,
	title = {{Are impatient farmers more risk-averse ? Evidence from a lab-in-the-field experiment in rural Uganda}},
	year = {2016},
	journal = {Applied Economics},
	author = {Clot, Sophie and Stanton, Charlotte},
	pages = {{\`{a}} Para{\^{i}}tre}
}

@techreport{Weber2016,
	title={A Bitcoin Standard: Lessons from the Gold Standard},
	author={Weber, Warren E and others},
	INSTITUTION =  {Bank of Canada},
	year={2016}
}

@book{viner_canadas_1924,
	title = {{Canada's Balance of International Indebtedness, 1900-1913}},
	year = {1924},
	author = {Viner, Jacob},
	pages = {318},
	publisher = {Harvard. University Press},
	address = {Cambridge},
	isbn = {978-0-7735-9168-4},
	keywords = {History / Canada / General}
}

@book{rich_cross_1988,
	title = {{The Cross of Gold: Money and the Canadian Business Cycle, 1867-1913}},
	shorttitle = {The Cross of Gold},
	year = {1988},
	author = {Rich, Georg},
	pages = {307},
	address = {Ottawa},
	publisher = {McGill-Queen's University Press},
	lccn={91133866},
	series={Carleton Library Series},
	url={https://books.google.ca/books?id=REDmhxQH34MC},
	isbn = {978-0-88629-080-1}
}



@book{bayoumi_modern_1996,
	title = {{Modern Perspectives on the Gold Standard}},
	year = {1996},
	author = {Bayoumi, Tamim and Eichengreen, Barry},
	pages = {396},
	publisher = {Cambridge University Press},
	isbn = {978-0-521-57169-2},
	keywords = {Business {\&} Economics / Economic History, Business {\&} Economics / Economics / Macroeconomics, Business {\&} Economics / Economics / Theory, Business {\&} Economics / Investments {\&} Securities /, Business {\&} Economics / Money {\&} Monetary Policy}
}

@misc{bernanke_gold_1990,
	title = {{The Gold Standard, Deflation, and Financial Crisis in the Great Depression: An International Comparison}},
	shorttitle = {The Gold Standard, Deflation, and Financial Crisis},
	author = {Bernanke, Ben and James, Harold},
	number = {3488},
	url = {http://www.nber.org/papers/w3488},
	institution = {National Bureau of Economic Research}
}

@book{eichengreen_golden_2003,
	title = {{Golden Fetters: The Gold Standard and the Great Depression, 1919-1939}},
	shorttitle = {Golden Fetters},
	year = {2003},
	author = {Eichengreen, Barry},
	publisher = {Oxford University Press},
	isbn = {978-0-19-510113-3}
}

@article{Hsieh2006WasProgram,
	title = {{Was the Federal Reserve Constrained by the Gold Standard During the Great Depression? Evidence from the 1932 Open Market Purchase Program}},
	year = {2006},
	journal = {The Journal of Economic History},
	author = {Hsieh, Chang-Tai and Romer, Christina D.},
	number = {1},
	pages = {140--176},
	volume = {66},
	isbn = {0022-0507},
	doi = {10.1017/S0022050706000064},
	issn = {14716372}
}

@misc{BankofCanada2016BackStandard-Temporarily1926-31,
	title = {{Back on the Gold Standard-Temporarily(1926-31)}},
	year = {2016},
	author = {{Bank of Canada}}
}

@article{BankofCanada2016CanadaStandard1914-26,
	title = {{Canada off the Gold Standard(1914-26)}},
	year = {2016},
	author = {{Bank of Canada}}
}

@article{Eichengreen2010FettersPaper,
	title = {{Fetters of gold and paper}},
	year = {2010},
	journal = {Oxford Review of Economic Policy},
	author = {Eichengreen, Barry and Temin, Peter},
	number = {3},
	pages = {370--384},
	volume = {26},
	isbn = {9788578110796},
	doi = {10.1093/oxrep/grq018},
	issn = {0266903X},
	pmid = {25246403},
	keywords = {Euro, Fixed exchange rates, Gold standard, Renminbi peg}
}

@misc{Obstfeld1996FoundationsMacroeconomics,
	title = {{Foundations of International Macroeconomics}},
	year = {1996},
	booktitle = {Southern Economic Journal},
	author = {Obstfeld, Maurice and Rogoff, Kenneth},
	pages = {337},
	volume = {64},
	url = {http://www.jstor.org/stable/1061063?origin=crossref},
	isbn = {0262150476},
	doi = {10.2307/1061063},
	issn = {00384038}
}

@book{Powell2005APeoples,
	title = {{A History of the Canadian Peoples}},
	year = {2005},
	author = {Powell, James},
	pages = {530},
	publisher = {Bank of Canada},
	isbn = {978-0-19-541688-6}
}


@article{Harley2016TwentiethPerspective,
	title={Twentieth century monetary regimes in Canadian perspective},
	author={Harley, C Knick},
	journal={Jahrbuch f{\"u}r Wirtschaftsgeschichte/Economic History Yearbook},
	volume={43},
	number={1},
	pages={157--170},
	year={2002}
}

@article{Eichengreen1984CentralStandard,
	title = {{Central bank cooperation under the interwar gold standard}},
	year = {1984},
	journal = {Explorations in Economic History},
	author = {Eichengreen, Barry},
	number = {1},
	pages = {64--87},
	volume = {21}
}

@article{Rich1984Canada1872-1913,
	title = {{Canada without a Central Bank: Operation of the Price-Specie-Flow Mechanism, 1872-1913}},
	year = {1984},
	journal = {A Retrospective on the Classical Gold Standard, 1821-1931},
	author = {Rich, Georg},
	editor = {Bordo, Michael D. and {Anna J. Schwartz}},
	pages = {547--586},
	publisher = {University of Chicago Press},
	isbn = {0226065901}
}

@misc{Hong2016ProbabilisticBeyond,
	title = {{Probabilistic energy forecasting: Global Energy Forecasting Competition 2014 and beyond}},
	year = {2016},
	booktitle = {International Journal of Forecasting},
	author = {Hong, Tao and Pinson, Pierre and Fan, Shu and Zareipour, Hamidreza and Troccoli, Alberto and Hyndman, Rob J.},
	number = {3},
	pages = {896--913},
	volume = {32},
	doi = {10.1016/j.ijforecast.2016.02.001},
	issn = {01692070}
}

@article{Hyndman2002AMethods,
	title = {{A state space framework for automatic forecasting using exponential smoothing methods}},
	year = {2002},
	journal = {International Journal of Forecasting},
	author = {Hyndman, Rob J and Koehler, Anne B and Snyder, Ralph D and Grose, Simone},
	number = {3},
	pages = {439--454},
	volume = {18},
	doi = {10.1016/S0169-2070(01)00110-8},
	issn = {01692070}
}

@book{Eichengreen1985TheHistory,
	title = {{The Gold standard in theory and history}},
	year = {1985},
	author = {Eichengreen, Barry J.},
	pages = {280},
	publisher = {Methuen}
}



@phdthesis{Furlong1997EconomicISfI,
	title={Economic Fluctuations in Canada, 1867-1897},
	author={Furlong, Kieran},
	year={1997},
	school={University of Toronto}
}


@book{Eichengreen2003CapitalCrises,
	title = {{Capital flows and crises}},
	year = {2003},
	author = {Eichengreen, Barry J.},
	pages = {377},
	publisher = {MIT Press},
	isbn = {9780262050678}
}

@article{Eichengreen2010FettersPaperb,
	title = {{Fetters of gold and paper}},
	year = {2010},
	journal = {Oxford Review of Economic Policy},
	author = {Eichengreen, B. and Temin, P.},
	number = {3},
	month = {11},
	pages = {370--384},
	volume = {26},
	url = {http://oxrep.oxfordjournals.org/cgi/content/long/26/3/370},
	doi = {10.1093/oxrep/grq018},
	issn = {0266-903X}
}

@Book{Bloomfield1979,
	title = { Monetary policy under the international gold standard, 1880-1914 },
	author = { Bloomfield, A. I. (Arthur Irving) },
	publisher = { New York : Arno Press },
	year = { 1979 },
	type = { Book },
	isbn = { 0405112041 },
	subjects = { Monetary policy -- History; Banks and banking, Central -- History; Gold standard -- History },
	language = { English },
	note = { Reprint of the 1959 ed. published by the Federal Reserve Bank of New York },
	catalogue-url = { http://trove.nla.gov.au/work/8558985 }
}


@Book{Officer1996,
	title = { Between the dollar-sterling gold points : exchange rates, parity, and market behavior },
	author = { Officer, Lawrence H },
	address = {New York, NY},
	publisher = { Cambridge University Press },
	year = { 1996 },
	
	isbn = { 052145462X (hardback) },
	subjects = { Gold standard -- History; Foreign exchange rates -- United States -- History; Foreign exchange rates -- Great Britain -- History; Money -- United States -- History; Money -- Great Britain -- History; Foreign exchange; United States; Great Britain },
	language = { English },

	contents = { 1. Introduction -- 2. The various monetary standards -- 3. American monetary standard -- 4. British monetary standard -- 5. Parity -- 6. Exchange-rate data -- 7. Exchange-market integration -- 8. Gold points: theory and practice -- 9. Gold-point estimates -- 10. External integration -- 11. Internal integration -- 12. Theory of market efficiency -- 13. Empirical testing of market efficiency -- 14. Market forces -- 15. Policy variables -- 16. Net outcome -- 17. Summary and conclusions },
	catalogue-url = { http://trove.nla.gov.au/work/21341233 }
}



@article{Bordo2005,
	title={The gold standard as a rule: An essay in exploration},
	author={Bordo, Michael D and Kydland, Finn E},
	journal={Explorations in Economic History},
	volume={32},
	number={4},
	pages={423--464},
	year={1995},
	publisher={Elsevier}
}


@book{helleiner2006towards,
	title={Towards North American monetary union?: the politics and history of Canada's exchange rate regime},
	author={Helleiner, Eric},
	year={2006},
	address = {Montreal and Kingston},
	publisher={{\{}McGill{\}}-Queen's University Press}
}


@article{helleiner2001toward,
	title={Toward a North American Currency},
	author={Helleiner, Eric},
	journal={Trent International Political Economy Center Working Paper},
	number={01/09},
	year={2001}
}


@book{leacy1983historical,
	title={Historical statistics of Canada},
	author={Leacy, Frank H and Urquhart, Malcolm Charles and Buckley, Kenneth AH},
	year={1983},
	publisher={Statistics Canada in joint sponsorship with Social Science Federation of Canada}
}


@book{buckley1999historical,
	title={Historical Statistics of Canada},
	author={Buckley, Kenneth Arthur Haig and Urquhart, Malcolm Charles},
	year={1999},
	publisher={Statistics Canada in joint sponsorship with the Social Science Federation of Canada}
}

@ARTICLE{Bordo1991,
	title = {Book review: The Cross of Gold: Money and the Canadian Business Cycle, 1867-1913},
	author = {Bordo, Michael},
	year = {1991},
	journal = {The Journal of Economic History},
	volume = {51},
	number = {02},
	pages = {521-523},
	url = {http://EconPapers.repec.org/RePEc:cup:jechis:v:51:y:1991:i:02:p:521-523_03}
}
